@article{drees2003extreme,
  title={Extreme quantile estimation for dependent data, with applications to finance},
  author={Drees, Holger},
  journal={Bernoulli},
  volume={9},
  number={4},
  pages={617--657},
  year={2003},
  publisher={Bernoulli Society for Mathematical Statistics and Probability}
}

@article{berghaus2018weak,
  title={Weak convergence of a pseudo maximum likelihood estimator for the extremal index},
  author={Berghaus, Betina and B{\"u}cher, Axel},
  journal={The Annals of Statistics},
  volume={46},
  number={5},
  pages={2307--2335},
  year={2018},
  publisher={Institute of Mathematical Statistics}
}

@article{bucher2018maximum,
  title={Maximum likelihood estimation for the Fr{\'e}chet distribution based on block maxima extracted from a time series},
  author={B{\"u}cher, Axel and Segers, Johan},
  journal={Bernoulli},
  volume={24},
  number={2},
  pages={1427--1462},
  year={2018},
  publisher={Bernoulli Society for Mathematical Statistics and Probability}
}

@article{ferreira2015block,
  title={On the block maxima method in extreme value theory: PWM estimators},
  author={Ferreira, Ana and De Haan, Laurens},
  journal={The Annals of statistics},
  volume={43},
  number={1},
  pages={276--298},
  year={2015},
  publisher={Institute of Mathematical Statistics}
}

@techreport{mcneil1998calculating,
  title={Calculating quantile risk measures for financial return series using extreme value theory},
  author={McNeil, Alexander J},
  year={1998},
  institution={ETH Zurich}
}

@article{northrop2015efficient,
  title={An efficient semiparametric maxima estimator of the extremal index},
  author={Northrop, Paul J},
  journal={Extremes},
  volume={18},
  number={4},
  pages={585--603},
  year={2015},
  publisher={Springer}
}

@article{lopez1999methods,
  title={Methods for evaluating value-at-risk estimates},
  author={Lopez, Jose A},
  journal={Economic review},
  volume={2},
  pages={3--17},
  year={1999},
  publisher={Federal Reserve Bank of San Francisco}
}

@article{smith1987estimating,
  title={Estimating tails of probability distributions},
  author={Smith, Richard L},
  journal={The annals of Statistics},
  pages={1174--1207},
  year={1987},
  publisher={JSTOR}
}

@article{hill1975simple,
  title={A simple general approach to inference about the tail of a distribution},
  author={Hill, Bruce M},
  journal={The annals of statistics},
  pages={1163--1174},
  year={1975},
  publisher={JSTOR}
}

@article{balkema1974residual,
  title={Residual life time at great age},
  author={Balkema, August A and De Haan, Laurens},
  journal={The Annals of probability},
  pages={792--804},
  year={1974},
  publisher={JSTOR}
}

@article{pickands1975statistical,
  title={Statistical inference using extreme order statistics},
  author={Pickands, James},
  journal={the Annals of Statistics},
  volume={3},
  number={1},
  pages={119--131},
  year={1975},
  publisher={Institute of Mathematical Statistics}
}

@inproceedings{fisher1928limiting,
  title={Limiting forms of the frequency distribution of the largest or smallest member of a sample},
  author={Fisher, Ronald Aylmer and Tippett, Leonard Henry Caleb},
  booktitle={Mathematical Proceedings of the Cambridge Philosophical Society},
  volume={24},
  number={2},
  pages={180--190},
  year={1928},
  organization={Cambridge University Press}
}

@article{gnedenko1943distribution,
  title={Sur la distribution limite du terme maximum d'une serie aleatoire},
  author={Gnedenko, Boris},
  journal={Annals of mathematics},
  pages={423--453},
  year={1943},
  publisher={JSTOR}
}

@article{prescott1980maximum,
  title={Maximum likelihood estimation of the parameters of the generalized extreme-value distribution},
  author={Prescott, P and Walden, AT},
  journal={Biometrika},
  volume={67},
  number={3},
  pages={723--724},
  year={1980},
  publisher={Oxford University Press}
}

@article{hosking1987parameter,
  title={Parameter and quantile estimation for the generalized Pareto distribution},
  author={Hosking, Jonathan RM and Wallis, James R},
  journal={Technometrics},
  volume={29},
  number={3},
  pages={339--349},
  year={1987},
  publisher={Taylor \& Francis}
}

@book{kotz2000extreme,
  title={Extreme value distributions: theory and applications},
  author={Kotz, Samuel and Nadarajah, Saralees},
  year={2000},
  publisher={World Scientific}
}

@article{dehaan1970regular,
  title={On regular variation and its application to the weak convergence of sample extremes},
  author={Haan, Laurens de},
  year={1970}
}

@article{haan1976sample,
  title={Sample extremes: an elementary introduction},
  author={Haan, Laurens de},
  journal={Statistica Neerlandica},
  volume={30},
  number={4},
  pages={161--172},
  year={1976},
  publisher={Wiley Online Library}
}

@article{weissman1978estimation,
  title={Estimation of parameters and large quantiles based on the k largest observations},
  author={Weissman, Ishay},
  journal={Journal of the American Statistical Association},
  volume={73},
  number={364},
  pages={812--815},
  year={1978},
  publisher={Taylor \& Francis Group}
}

@article{mcfadden1978modeling,
  title={Modeling the choice of residential location},
  author={McFadden, Daniel},
  journal={Transportation Research Record},
  number={673},
  year={1978}
}

@article{hosking1985estimation,
  title={Estimation of the generalized extreme-value distribution by the method of probability-weighted moments},
  author={Hosking, Jonathan RM and Wallis, James R and Wood, Eric F},
  journal={Technometrics},
  volume={27},
  number={3},
  pages={251--261},
  year={1985},
  publisher={Taylor \& Francis Group}
}

@article{leadbetter1983extremes,
  title={Extremes and local dependence in stationary sequences},
  author={Leadbetter, M Ross},
  journal={Probability Theory and Related Fields},
  volume={65},
  number={2},
  pages={291--306},
  year={1983},
  publisher={Springer}
}

@article{smith1994estimating,
  title={Estimating the extremal index},
  author={Smith, Richard L and Weissman, Ishay},
  journal={Journal of the Royal Statistical Society. Series B (Methodological)},
  pages={515--528},
  year={1994},
  publisher={JSTOR}
}

@article{hsing1993extremal,
  title={Extremal index estimation for a weakly dependent stationary sequence},
  author={Hsing, Tailen},
  journal={The Annals of Statistics},
  pages={2043--2071},
  year={1993},
  publisher={JSTOR}
}

@article{hall1982some,
  title={On some simple estimates of an exponent of regular variation},
  author={Hall, Peter},
  journal={Journal of the Royal Statistical Society. Series B (Methodological)},
  pages={37--42},
  year={1982},
  publisher={JSTOR}
}

@book{mcneil2005quantitative,
  title={Quantitative risk management: Concepts, techniques and tools},
  author={McNeil, Alexander J and Frey, R{\"u}diger and Embrechts, Paul},
  volume={3},
  year={2005},
  publisher={Princeton university press Princeton}
}

@article{christoffersen1998evaluating,
  title={Evaluating interval forecasts},
  author={Christoffersen, Peter F},
  journal={International economic review},
  pages={841--862},
  year={1998},
  publisher={JSTOR}
}

@article{mandelbrot1963new,
  title={New methods in statistical economics},
  author={Mandelbrot, Benoit},
  journal={Journal of political economy},
  volume={71},
  number={5},
  pages={421--440},
  year={1963},
  publisher={The University of Chicago Press}
}

@article{danielsson2016tail,
  title={Tail index estimation: Quantile driven threshold selection},
  author={Danielsson, Jon and Ergun, Lerby and de Haan, Laurens and de Vries, Casper},
  year={2016}
}

@article{dekkers1989moment,
  title={A moment estimator for the index of an extreme-value distribution},
  author={Dekkers, Arnold LM and Einmahl, John HJ and De Haan, Laurens},
  journal={The Annals of Statistics},
  pages={1833--1855},
  year={1989},
  publisher={JSTOR}
}

@article{de1993estimation,
  title={On the estimation of high quantiles},
  author={de Haan, Laurens and Rootz{\'e}n, Holger},
  journal={Journal of Statistical Planning and Inference},
  volume={35},
  number={1},
  pages={1--13},
  year={1993},
  publisher={Elsevier}
}